@article{csurprivacymetrics,
 author = {Wagner, Isabel and Eckhoff, David},
 title = {Technical Privacy Metrics: A Systematic Survey},
 journal = {ACM Comput. Surv.},
 date = {July 2018},
 volume = {51},
 number = {3},
 month = jun,
 year = {2018},
 issn = {0360-0300},
 pages = {57:1--57:38},
 articleno = {57},
 numpages = {38},
 url = {http://doi.acm.org/10.1145/3168389},
 doi = {10.1145/3168389},
 acmid = {3168389},
 publisher = {ACM},
 address = {New York, NY, USA},
 keywords = {Privacy metrics, measuring privacy},
} 

@misc{hessar2019tinysdr,
    title={Tiny{SDR}: Low-{P}ower {SDR} {P}latform for {O}ver-the-{A}ir {P}rogrammable {IoT} {T}estbeds},
    author={Mehrdad Hessar and Ali Najafi and Vikram Iyer and Shyamnath Gollakota},
    year={2019},
    eprint={1907.02063},
    archivePrefix={arXiv},
    primaryClass={eess.SP}
}

@inproceedings{Khazraee:2019:SSB:3307334.3326088,
 author = {Khazraee, Moein and Guddeti, Yeswanth and Crow, Sam and Snoeren, Alex C. and Levchenko, Kirill and Bharadia, Dinesh and Schulman, Aaron},
 title = {SparSDR: Sparsity-proportional Backhaul and Compute for SDRs},
 booktitle = {Proceedings of the 17th Annual International Conference on Mobile Systems, Applications, and Services},
 series = {MobiSys '19},
 year = {2019},
 isbn = {978-1-4503-6661-8},
 location = {Seoul, Republic of Korea},
 pages = {391--403},
 numpages = {13},
 url = {http://doi.acm.org/10.1145/3307334.3326088},
 doi = {10.1145/3307334.3326088},
 acmid = {3326088},
 publisher = {ACM},
 address = {New York, NY, USA},
 keywords = {cloud sdr, fft, fpga, software defined radio, sparsity},
} 

@INPROCEEDINGS{electrosense,
author={B. {Van den Bergh} and D. {Giustiniano} and H. {Cordobés} and M. {Fuchs} and R. {Calvo-Palomino} and S. {Pollin} and S. {Rajendran} and V. {Lenders}},
booktitle={2017 IEEE International Symposium on Dynamic Spectrum Access Networks (DySPAN)},
title={Electrosense: Crowdsourcing spectrum monitoring},
year={2017},
volume={},
number={},
pages={1-2},
keywords={crowdsourcing;radio spectrum management;signal processing;software radio;Electrosense platform;low-cost wireless spectrum monitoring;collaborative wireless spectrum monitoring;distributed wireless spectrum monitoring;crowdsourced open spectrum monitoring platform;open API;signal processing algorithm;spectrum usage;collaborative spectrum data decoding;Monitoring;Signal processing algorithms;Collaboration;Computer architecture;Sensor systems;Modulation},
doi={10.1109/DySPAN.2017.7920766},
ISSN={},
month={March},}

@inproceedings{Mantz:2019:IBB:3307334.3326089,
 author = {Mantz, Dennis and Classen, Jiska and Schulz, Matthias and Hollick, Matthias},
 title = {Internal{B}lue - {B}luetooth {B}inary {P}atching and {E}xperimentation {F}ramework},
 booktitle = {Proceedings of the 17th Annual International Conference on Mobile Systems, Applications, and Services},
 series = {MobiSys '19},
 year = {2019},
 isbn = {978-1-4503-6661-8},
 location = {Seoul, Republic of Korea},
 pages = {79--90},
 numpages = {12},
 url = {http://doi.acm.org/10.1145/3307334.3326089},
 doi = {10.1145/3307334.3326089},
 acmid = {3326089},
 publisher = {ACM},
 address = {New York, NY, USA},
 keywords = {binary patching, bluetooth, firmware, fuzzing, iot, link layer, security},
}

@inproceedings{saponas2007devices,
  title={Devices That Tell on You: Privacy Trends in Consumer Ubiquitous Computing.},
  author={Saponas, T Scott and Lester, Jonathan and Hartung, Carl and Agarwal, Sameer and Kohno, Tadayoshi and others},
  booktitle = {{USENIX} Security Symposium ({USENIX} Security 2007)},
  year = {2007},

}
@inproceedings{clockoffset,
 author = {Paxson, Vern},
 title = {On Calibrating Measurements of Packet Transit Times},
 booktitle = {Proceedings of the 1998 ACM SIGMETRICS Joint International Conference on Measurement and Modeling of Computer Systems},
 series = {SIGMETRICS '98/PERFORMANCE '98},
 year = {1998},
 isbn = {0-89791-982-3},
 location = {Madison, Wisconsin, USA},
 pages = {11--21},
 numpages = {11},
 url = {http://doi.acm.org/10.1145/277851.277865},
 doi = {10.1145/277851.277865},
 acmid = {277865},
 publisher = {ACM},
 address = {New York, NY, USA},
}

@misc{wifirandommac,
    author = {J. Berg and E.Grumbach},
    title = {iwlwifi: mvm: support random {MAC} address for scanning},
    howpublished = {\url{https://github.com/torvalds/linux/commit/effd05ac479b80641835f9126bbe93146686c2b8}},
    year = 2014,
    month = nov,
}

@misc{blerandommac,
    author = {M Woolley},
    title = {Bluetooth {T}echnology {P}rotecting {Y}our {P}rivacy},
    howpublished = {\url{https://www.bluetooth.com/blog/bluetooth-technology-protecting-your-privacy/}},
    year = 2015,
    month = apr,
}


@misc{beaconproblem,
    author = {K Wiggers},
    title = {Why {A}ndroid {N}earby, i{B}eacons and {E}ddystone failed to gain traction},
    howpublished = {\url{https://venturebeat.com/2018/10/27/why-android-nearby-ibeacons-and-eddystone-failed-to-gain-traction/}},
    year = 2018,
    month = oct,
}
@misc{applecontinuity,
    author = {Apple},
    title = {Use {C}ontinuity to connect your {M}ac, i{P}hone, i{P}ad, i{P}od touch and {A}pple {W}atch},
    howpublished = {\url{https://support.apple.com/en-us/HT204681}},
    year = 2019,
    month = apr,
}


@inproceedings{wifipacket1,
 author = {Martin, Jeremy and Rye, Erik and Beverly, Robert},
 title = {Decomposition of {MAC} {A}ddress {S}tructure for {G}ranular {D}evice {I}nference},
 booktitle = {Proceedings of the 32nd Annual Conference on Computer Security Applications},
 series = {ACSAC '16},
 year = {2016},
 isbn = {978-1-4503-4771-6},
 location = {Los Angeles, California, USA},
 pages = {78--88},
 numpages = {11},
 url = {http://doi.acm.org/10.1145/2991079.2991098},
 doi = {10.1145/2991079.2991098},
 acmid = {2991098},
 publisher = {ACM},
 address = {New York, NY, USA},
} 

@inproceedings {bluetooth-packet1,
author = {Nishant Bhaskar and Maxwell Bland and Kirill Levchenko and Aaron Schulman},
title = {Please {P}ay {I}nside: {E}valuating {B}luetooth-based {D}etection of {G}as {P}ump {S}kimmers},
booktitle = {28th {USENIX} Security Symposium ({USENIX} Security 19)},
year = {2019},
isbn = {978-1-939133-06-9},
address = {Santa Clara, CA},
pages = {373--388},
url = {https://www.usenix.org/conference/usenixsecurity19/presentation/bhaskar},
publisher = {{USENIX} Association},
month = aug,
}


@inproceedings{rssi1,
    author = {Daniel B. Faria},
    title = {Detecting identity-based attacks in wireless networks using signalprints},
    booktitle = {in Proceedings of WiSe’06: ACM Workshop on Wireless Security},
    year = {2006},
    pages = {43--52}
}

@inproceedings{rssi4,
  title={Physical layer attacks on unlinkability in wireless {LAN}s},
  author={Bauer, Kevin and McCoy, Damon and Greenstein, Ben and Grunwald, Dirk and Sicker, Douglas},
  booktitle={International Symposium on Privacy Enhancing Technologies Symposium},
  pages={108--127},
  year={2009},
  organization={Springer}
}

@inproceedings{rssi2, 
author={Y. {Chen} and W. {Trappe} and R. P. {Martin}}, 
booktitle={2007 4th Annual IEEE Communications Society Conference on Sensor, Mesh and Ad Hoc Communications and Networks}, 
title={Detecting and {L}ocalizing {W}ireless {S}poofing {A}ttacks}, 
year={2007}, 
volume={}, 
number={}, 
pages={193-202}, 
keywords={security of data;telecommunication security;wireless sensor networks;wireless spoofing attacks;wireless networks;cryptographic authentication;key management;attack detector;K-means cluster analysis;realtime indoor localization system;attack localizer;Wireless sensor networks;Detectors;Authentication;Clustering algorithms;Cryptography;Computer network management;Real time systems;Computer science;Laboratories;Identity management systems}, 
doi={10.1109/SAHCN.2007.4292831}, 
ISSN={2155-5486}, 
month={June},
}

@inproceedings{rssi3, 
author={Y. {Sheng} and K. {Tan} and G. {Chen} and D. {Kotz} and A. {Campbell}}, 
booktitle={IEEE INFOCOM 2008 - The 27th Conference on Computer Communications}, 
title={Detecting 802.11 {MAC} {L}ayer {S}poofing {U}sing {R}eceived {S}ignal {S}trength}, 
year={2008}, 
volume={}, 
number={}, 
pages={1768-1776}, 
keywords={access protocols;Gaussian distribution;wireless LAN;802.11 MAC layer spoofing;received signal strength;802.11 wireless LAN;network services;false services;wireless stations;802.11 transmitters;multiple Gaussian distributions;antenna diversity;wireless connectivity;Gaussian mixture models;Tin;Radio frequency;Semiconductor device measurement;Radio transmitters;Cryptography;Microprogramming;Antenna measurements;Diversity reception;Robust stability;Communications Society}, 
doi={10.1109/INFOCOM.2008.239}, 
ISSN={0743-166X}, 
month={April},}

@inproceedings{clockskew1,
 author = {Jana, Suman and Kasera, Sneha Kumar},
 title = {On {F}ast and {A}ccurate {D}etection of {U}nauthorized {W}ireless {A}ccess {P}oints {U}sing {C}lock {S}kews},
 booktitle = {Proceedings of the 14th ACM International Conference on Mobile Computing and Networking},
 series = {MobiCom '08},
 year = {2008},
 isbn = {978-1-60558-096-8},
 location = {San Francisco, California, USA},
 pages = {104--115},
 numpages = {12},
 url = {http://doi.acm.org/10.1145/1409944.1409958},
 doi = {10.1145/1409944.1409958},
 acmid = {1409958},
 publisher = {ACM},
 address = {New York, NY, USA},
 keywords = {IEEE 802.11, MAC address spoofing, fake access point, fingerprint, timestamp},
}

@inproceedings{clockskew2,
 author = {Arackaparambil, Chrisil and Bratus, Sergey and Shubina, Anna and Kotz, David},
 title = {On the {R}eliability of {W}ireless {F}ingerprinting {U}sing {C}lock {S}kews},
 booktitle = {Proceedings of the Third ACM Conference on Wireless Network Security},
 series = {WiSec '10},
 year = {2010},
 isbn = {978-1-60558-923-7},
 location = {Hoboken, New Jersey, USA},
 pages = {169--174},
 numpages = {6},
 url = {http://doi.acm.org/10.1145/1741866.1741894},
 doi = {10.1145/1741866.1741894},
 acmid = {1741894},
 publisher = {ACM},
 address = {New York, NY, USA},
 keywords = {clock skew, fake access point, fingerprinting, ieee 802.11, mac address spoofing, timestamp, wireless},
}

@inproceedings{clockskew3, 
author={J. {Huang} and W. {Albazrqaoe} and G. {Xing}}, 
booktitle={IEEE INFOCOM 2014 - IEEE Conference on Computer Communications}, 
title={Blue{ID}: {A} practical system for {B}luetooth device identification}, 
year={2014}, 
volume={}, 
number={}, 
pages={2849-2857}, 
keywords={access protocols;Bluetooth;computer crime;computer network management;computer network security;firmware;frequency hop communication;bluetooth device identification;Bluetooth device management;MAC address;BlueID;clock fingerprinting;timestamp;packet header;user space device driver hacking;chipset firmware;commodity Bluetooth device;identity spoofing;low power Bluetooth transmission;mobile applications;Bluetooth radio detection;frequency hopping based wireless system;Bluetooth;Clocks;Noise;Wireless communication;Accuracy;Baseband}, 
doi={10.1109/INFOCOM.2014.6848235}, 
ISSN={0743-166X}, 
month={April},}

@article{clockskew4, 
author={T. {Kohno} and A. {Broido} and K. C. {Claffy}}, 
journal={IEEE Transactions on Dependable and Secure Computing}, 
title={Remote physical device fingerprinting}, 
year={2005}, 
volume={2}, 
number={2}, 
pages={93-108}, 
keywords={Internet;authorisation;data privacy;telecommunication security;remote physical device fingerprinting;clock skews;Internet;NAT;firewall;NTP;SNTP;IP addresses;computer forensics;constant IP ID;random IP ID;virtual hosts;virtual honeynet;unanonymizing anonymized network traces;network level security;network level protection;Fingerprint recognition;Internet;Network address translation;Operating systems;Microscopy;Hardware;Clocks;Application software;Computer applications;Computer networks;Index Terms—Network-level security and protection;privacy.}, 
doi={10.1109/TDSC.2005.26}, 
ISSN={1545-5971}, 
month={April},}

@inproceedings{devicediscovery1,
 author = {Desmond, Loh Chin Choong and Yuan, Cho Chia and Pheng, Tan Chung and Lee, Ri Seng},
 title = {Identifying Unique Devices Through Wireless Fingerprinting},
 booktitle = {Proceedings of the First ACM Conference on Wireless Network Security},
 series = {WiSec '08},
 year = {2008},
 isbn = {978-1-59593-814-5},
 location = {Alexandria, VA, USA},
 pages = {46--55},
 numpages = {10},
 url = {http://doi.acm.org/10.1145/1352533.1352542},
 doi = {10.1145/1352533.1352542},
 acmid = {1352542},
 publisher = {ACM},
 address = {New York, NY, USA},
 keywords = {spoof detection, wireless fingerprinting},
} 

@inproceedings {devicediscovery2,
author = {Kassem Fawaz and Kyu-Han Kim and Kang G. Shin},
title = {Protecting Privacy of {BLE} Device Users},
booktitle = {25th {USENIX} Security Symposium ({USENIX} Security 16)},
year = {2016},
isbn = {978-1-931971-32-4},
address = {Austin, TX},
pages = {1205--1221},
url = {https://www.usenix.org/conference/usenixsecurity16/technical-sessions/presentation/fawaz},
publisher = {{USENIX} Association},
month = aug,
}

@inproceedings{ifat1,
 author = {Franklin, Jason and McCoy, Damon and Tabriz, Parisa and Neagoe, Vicentiu and Van Randwyk, Jamie and Sicker, Douglas},
 title = {Passive Data Link Layer 802.11 Wireless Device Driver Fingerprinting},
 booktitle = {Proceedings of the 15th Conference on USENIX Security Symposium - Volume 15},
 series = {USENIX-SS'06},
 year = {2006},
 location = {Vancouver, B.C., Canada},
 articleno = {12},
 url = {http://dl.acm.org/citation.cfm?id=1267336.1267348},
 acmid = {1267348},
 publisher = {USENIX Association},
 address = {Berkeley, CA, USA},
} 

@inproceedings{ifat2,
 author = {Matte, C{\'e}lestin and Cunche, Mathieu and Rousseau, Franck and Vanhoef, Mathy},
 title = {Defeating {MAC} {A}ddress {R}andomization {T}hrough {T}iming {A}ttacks},
 booktitle = {Proceedings of the 9th ACM Conference on Security \& Privacy in Wireless and Mobile Networks},
 series = {WiSec '16},
 year = {2016},
 isbn = {978-1-4503-4270-4},
 location = {Darmstadt, Germany},
 pages = {15--20},
 numpages = {6},
 url = {http://doi.acm.org/10.1145/2939918.2939930},
 doi = {10.1145/2939918.2939930},
 acmid = {2939930},
 publisher = {ACM},
 address = {New York, NY, USA},
 keywords = {802.11, mac address randomization, privacy, security, tracking},
} 

@inproceedings{rateswitching1,
author={M. {Mirza} and P. {Barford} and X. {Zhu} and S. {Banerjee} and M. {Blodgett}},
booktitle={2011 Proceedings IEEE INFOCOM},
title={Fingerprinting 802.11 rate adaption algorithms},
year={2011},
volume={},
number={},
pages={1161-1169},
keywords={support vector machines;wireless LAN;802.11 rate adaptation algorithm;802.11 wireless network performance;802.11 debugging performance;support vector machine;SVM-based classifier;802.11 traffic;MadWifi;commodity wireless cards;fingerprinting;Hardware;Throughput;Fingerprint recognition},
doi={10.1109/INFCOM.2011.5934893},
ISSN={0743-166X},
month={April},}

@article{rateswitching2,
 author = {Corbett, Cherita L. and Beyah, Raheem A. and Copeland, John A.},
 title = {Passive {C}lassification of {W}ireless {NIC}s {D}uring {A}ctive {S}canning},
 journal = {Int. J. Inf. Secur.},
 issue_date = {September 2008},
 volume = {7},
 number = {5},
 month = sep,
 year = {2008},
 issn = {1615-5262},
 pages = {335--348},
 numpages = {14},
 url = {http://dx.doi.org/10.1007/s10207-007-0053-7},
 doi = {10.1007/s10207-007-0053-7},
 acmid = {1416979},
 publisher = {Springer-Verlag},
 address = {Berlin, Heidelberg},
 keywords = {Host identification, Network security, Wireless security},
} 

@inproceedings{browsing1,
 author = {Zhang, Fan and He, Wenbo and Liu, Xue and Bridges, Patrick G.},
 title = {Inferring {U}sers' {O}nline {A}ctivities through {T}raffic {A}nalysis},
 booktitle = {Proceedings of the Fourth ACM Conference on Wireless Network Security},
 series = {WiSec '11},
 year = {2011},
 isbn = {978-1-4503-0692-8},
 location = {Hamburg, Germany},
 pages = {59--70},
 numpages = {12},
 url = {http://doi.acm.org/10.1145/1998412.1998425},
 doi = {10.1145/1998412.1998425},
 acmid = {1998425},
 publisher = {ACM},
 address = {New York, NY, USA},
 keywords = {machine learning, privacy, traffic analysis, users' online activities},
} 

@INPROCEEDINGS{browsing2,
author={Q. {Wang} and A. {Yahyavi} and B. {Kemme} and W. {He}},
booktitle={2015 IEEE Conference on Communications and Network Security (CNS)},
title={I know what you did on your smartphone: {I}nferring app usage over encrypted data traffic},
year={2015},
volume={},
number={},
pages={433-441},
keywords={computer network security;cryptographic protocols;data privacy;smart phones;wireless LAN;smartphone;app usage;encrypted data traffic;tablets;wireless local area network;IEEE 802.11 WLAN security;encryption protocols;IEEE 802.11 WLAN privacy;user behavior;packet-level traffic analysis;side-channel information;wireless traffic;user privacy;online services;mobile devices;random forests;Privacy;Wireless communication;Encryption;Wireless LAN;Feature extraction;Wireless;side-channel attack;privacy;smartphone applications;machine learning;random forest},
doi={10.1109/CNS.2015.7346855},
ISSN={},
month={Sep.},}
@inproceedings{infelem1,
 author = {Vanhoef, Mathy and Matte, C{\'e}lestin and Cunche, Mathieu and Cardoso, Leonardo S. and Piessens, Frank},
 title = {Why {MAC} {A}ddress {R}andomization is {N}ot {E}nough: {A}n {A}nalysis of {W}i-{F}i {N}etwork {D}iscovery {M}echanisms},
 booktitle = {Proceedings of the 11th ACM on Asia Conference on Computer and Communications Security},
 series = {ASIA CCS '16},
 year = {2016},
 isbn = {978-1-4503-4233-9},
 location = {Xi'an, China},
 pages = {413--424},
 numpages = {12},
 url = {http://doi.acm.org/10.1145/2897845.2897883},
 doi = {10.1145/2897845.2897883},
 acmid = {2897883},
 publisher = {ACM},
 address = {New York, NY, USA},
 keywords = {802.11, 802.11u, MAC address randomization, anonymity, fingerprinting, hotspot 2.0, karma attack, privacy, pseudonym, scrambler, tracking, wi-fi, wifi},
} 

@article{infelem2,
  title={Tracking {A}nonymized {B}luetooth {D}evices},
  author={Becker, Johannes K and Li, David and Starobinski, David},
  journal={Proceedings on Privacy Enhancing Technologies},
  volume={2019},
  number={3},
  pages={50--65},
  year={2019},
  publisher={Sciendo}
}

@article{infelem3,
  title={A study of {MAC} {A}ddress randomization in mobile devices and when it fails},
  author={Martin, Jeremy and Mayberry, Travis and Donahue, Collin and Foppe, Lucas and Brown, Lamont and Riggins, Chadwick and Rye, Erik C and Brown, Dane},
  journal={Proceedings on Privacy Enhancing Technologies},
  volume={2017},
  number={4},
  pages={365--383},
  year={2017},
  publisher={De Gruyter Open}
}

@inproceedings{modulation1,
 author = {Vo-Huu, Tien Dang and Vo-Huu, Triet Dang and Noubir, Guevara},
 title = {Fingerprinting {W}i-{F}i {D}evices {U}sing {S}oftware {D}efined {R}adios},
 booktitle = {Proceedings of the 9th ACM Conference on Security \&\#38; Privacy in Wireless and Mobile Networks},
 series = {WiSec '16},
 year = {2016},
 isbn = {978-1-4503-4270-4},
 location = {Darmstadt, Germany},
 pages = {3--14},
 numpages = {12},
 url = {http://doi.acm.org/10.1145/2939918.2939936},
 doi = {10.1145/2939918.2939936},
 acmid = {2939936},
 publisher = {ACM},
 address = {New York, NY, USA},
 keywords = {fingerprinting, software defined radio, wi-fi},
} 


@inproceedings{modulation2,
 author = {Sun, Weiping and Paek, Jeongyeup and Choi, Sunghyun},
 title = {C{V-T}rack: {L}everaging {C}arrier {F}requency {O}ffset {V}ariation for {BLE} {S}ignal {D}etection},
 booktitle = {Proceedings of the 4th ACM Workshop on Hot Topics in Wireless},
 series = {HotWireless '17},
 year = {2017},
 isbn = {978-1-4503-5140-9},
 location = {Snowbird, Utah, USA},
 pages = {1--5},
 numpages = {5},
 url = {http://doi.acm.org/10.1145/3127882.3127886},
 doi = {10.1145/3127882.3127886},
 acmid = {3127886},
 publisher = {ACM},
 address = {New York, NY, USA},
 keywords = {BLE, GFSK, carrier frequency offset (CFO), signal detection},
} 

@inproceedings{modulation3,
 author = {Brik, Vladimir and Banerjee, Suman and Gruteser, Marco and Oh, Sangho},
 title = {Wireless {D}evice {I}dentification with {R}adiometric {S}ignatures},
 booktitle = {Proceedings of the 14th ACM International Conference on Mobile Computing and Networking},
 series = {MobiCom '08},
 year = {2008},
 isbn = {978-1-60558-096-8},
 location = {San Francisco, California, USA},
 pages = {116--127},
 numpages = {12},
 url = {http://doi.acm.org/10.1145/1409944.1409959},
 doi = {10.1145/1409944.1409959},
 acmid = {1409959},
 publisher = {ACM},
 address = {New York, NY, USA},
 keywords = {802.11, PHY, RF, authenitcation, fingerprinting, radiometric, security, security token, signature, wireless},
} 

@inproceedings{hybrid1, 
author={J. {Hua} and H. {Sun} and Z. {Shen} and Z. {Qian} and S. {Zhong}}, 
booktitle={IEEE INFOCOM 2018 - IEEE Conference on Computer Communications}, 
title={Accurate and Efficient Wireless Device Fingerprinting Using Channel State Information}, 
year={2018}, 
volume={}, 
number={}, 
pages={1700-1708}, 
keywords={authorisation;computer network security;cryptography;wireless LAN;hardware fingerprints;special hardware requirement;Channel State Information;security solution;wireless devices;Carrier Frequency Offsets;network infrastructure;end hosts;noncryptographic solution;practical solution;certificates offline;pre-established trust;encryption;rogue AP problem;network freeloading;WLANs face long-standing threats;clients;access points;loose authentication requirement;Hardware;Authentication;Wireless fidelity;Wireless communication;Phase measurement;Communication system security;device fingerprinting;attack detection;authentication;wireless networks}, 
doi={10.1109/INFOCOM.2018.8485917}, 
ISSN={}, 
month={April},}

@inproceedings{hybrid2, 
author={P. {Liu} and P. {Yang} and W. {Song} and Y. {Yan} and X. {Li}}, 
booktitle={IEEE INFOCOM 2019 - IEEE Conference on Computer Communications}, 
title={Real-time Identification of Rogue WiFi Connections Using Environment-Independent Physical Features}, 
year={2019}, 
volume={}, 
number={}, 
pages={190-198}, 
keywords={computer network security;Internet of Things;IP networks;network interfaces;real-time systems;wireless LAN;WiFi NIC;phase feature;external environment;rogue WiFi connections;rogue connection detection;pervasive communication medium;impersonation attack;rogue access points;AP;MAC/IP address;legitimate devices;traditional network security mechanisms;security mechanism;rogue WiFi devices;environment-independent characteristics;IoT;WLAN;SSID;nonlinear phase errors;channel state information;real-time identification;network interface cards;Wireless fidelity;Feature extraction;Receivers;Security;Hardware;Transmitters;Mobile handsets}, 
doi={10.1109/INFOCOM.2019.8737455}, 
ISSN={2641-9874}, 
month={April},}

@INPROCEEDINGS{rssi5, 
author={N. {Ghose} and L. {Lazos} and M. {Li}}, 
booktitle={IEEE INFOCOM 2018 - IEEE Conference on Computer Communications}, 
title={{SFIRE}: {S}ecret-{F}ree-in-band {T}rust {E}stablishment for {COTS} {W}ireless {D}evices}, 
year={2018}, 
volume={}, 
number={}, 
pages={1529-1537}, 
keywords={cryptographic protocols;radio networks;telecommunication security;commercial off-the-shelf wireless devices;USRP radios;robust RSS authenticator;advanced active signal manipulations;out-of-band channels;SFIRE;secret-free trust establishment protocol;bootstrap essential cryptographic mechanisms;mutual authentication;COTS wireless devices;secret-free-in-band trust establishment;Wireless communication;Communication system security;Protocols;Wireless sensor networks;Performance evaluation;Channel estimation;Security}, 
doi={10.1109/INFOCOM.2018.8486417}, 
ISSN={}, 
month={April},}

@article{user1,
 author = {Classen, Jiska and Wegemer, Daniel and Patras, Paul and Spink, Tom and Hollick, Matthias},
 title = {Anatomy of a {V}ulnerable {F}itness {T}racking {S}ystem: {D}issecting the {F}itbit {C}loud, {A}pp, and {F}irmware},
 journal = {Proc. ACM Interact. Mob. Wearable Ubiquitous Technol.},
 issue_date = {March 2018},
 volume = {2},
 number = {1},
 month = mar,
 year = {2018},
 issn = {2474-9567},
 pages = {5:1--5:24},
 articleno = {5},
 numpages = {24},
 url = {http://doi.acm.org/10.1145/3191737},
 doi = {10.1145/3191737},
 acmid = {3191737},
 publisher = {ACM},
 address = {New York, NY, USA},
 keywords = {Nexmon, Wearables, firmware reverse engineering, health},
} 


@inproceedings{user2,
 author = {Pang, Jeffrey and Greenstein, Ben and Gummadi, Ramakrishna and Seshan, Srinivasan and Wetherall, David},
 title = {802.11 {U}ser {F}ingerprinting},
 booktitle = {Proceedings of the 13th Annual ACM International Conference on Mobile Computing and Networking},
 series = {MobiCom '07},
 year = {2007},
 isbn = {978-1-59593-681-3},
 location = {Montr\&\#233;al, Qu\&\#233;bec, Canada},
 pages = {99--110},
 numpages = {12},
 url = {http://doi.acm.org/10.1145/1287853.1287866},
 doi = {10.1145/1287853.1287866},
 acmid = {1287866},
 publisher = {ACM},
 address = {New York, NY, USA},
 keywords = {802.11, anonymity, privacy, wireless},
} 

@inproceedings{user3,
 author = {Das, Aveek K. and Pathak, Parth H. and Chuah, Chen-Nee and Mohapatra, Prasant},
 title = {Uncovering {P}rivacy {L}eakage in {BLE} {N}etwork {T}raffic of {W}earable {F}itness {T}rackers},
 booktitle = {Proceedings of the 17th International Workshop on Mobile Computing Systems and Applications},
 series = {HotMobile '16},
 year = {2016},
 isbn = {978-1-4503-4145-5},
 location = {St. Augustine, Florida, USA},
 pages = {99--104},
 numpages = {6},
 url = {http://doi.acm.org/10.1145/2873587.2873594},
 doi = {10.1145/2873587.2873594},
 acmid = {2873594},
 publisher = {ACM},
 address = {New York, NY, USA},
 keywords = {bluetooth low energy, fitness trackers, privacy, wearables},
} 

@inproceedings{user4,
 author = {Greenstein, Ben and Gummadi, Ramakrishna and Pang, Jeffrey and Chen, Mike Y. and Kohno, Tadayoshi and Seshan, Srinivasan and Wetherall, David},
 title = {Can Ferris Bueller Still Have His Day off? Protecting Privacy in the Wireless Era},
 booktitle = {Proceedings of the 11th USENIX Workshop on Hot Topics in Operating Systems},
 series = {HOTOS'07},
 year = {2007},
 location = {San Diego, CA},
 pages = {10:1--10:6},
 articleno = {10},
 numpages = {6},
 url = {http://dl.acm.org/citation.cfm?id=1361397.1361407},
 acmid = {1361407},
 publisher = {USENIX Association},
 address = {Berkeley, CA, USA},
}

@Article{user5,
author="Cunche, Mathieu",
title="I know your MAC address: targeted tracking of individual using Wi-Fi",
journal="Journal of Computer Virology and Hacking Techniques",
year="2014",
month="Nov",
day="01",
volume="10",
number="4",
pages="219--227",
issn="2263-8733",
doi="10.1007/s11416-013-0196-1",
url="https://doi.org/10.1007/s11416-013-0196-1"
}

@inproceedings {user6,
author = {Craig A. Shue and Nathanael Paul and Curtis R. Taylor},
title = {From an {IP} Address to a Street Address: Using Wireless Signals to Locate a Target},
booktitle = {Presented as part of the 7th {USENIX} Workshop on Offensive Technologies},
year = {2013},
address = {Washington, D.C.},
url = {https://www.usenix.org/conference/woot13/workshop-program/presentation/Shue},
publisher = {{USENIX}},
}

@inproceedings{spill2007bluesniff,
  title={BlueSniff: Eve meets Alice and Bluetooth},
  author={Spill, Dominic and Bittau, Andrea},
  booktitle={Proceedings of the first USENIX workshop on Offensive Technologies},
  pages={5},
  year={2007},
  organization={USENIX Association}
}

@inproceedings {ryanble,
author = {Mike Ryan},
title = {Bluetooth: With Low Energy Comes Low Security},
booktitle = {Presented as part of the 7th {USENIX} Workshop on Offensive Technologies},
year = {2013},
address = {Washington, D.C.},
url = {https://www.usenix.org/conference/woot13/workshop-program/presentation/Ryan},
publisher = {{USENIX}},
}
@inproceedings{user7,
  author    = {Xian Pan and
               Zhen Ling and
               Aniket Pingley and
               Wei Yu and
               Kui Ren and
               Nan Zhang and
               Xinwen Fu},
  title     = {How Privacy Leaks From Bluetooth Mouse?},
  booktitle = {20th Annual Network and Distributed System Security Symposium, {NDSS}
               2013, San Diego, California, USA, February 24-27, 2013},
  year      = {2013},
  crossref  = {DBLP:conf/ndss/2013},
  url       = {https://www.ndss-symposium.org/ndss2013/how-privacy-leaks-bluetooth-mouse},
  timestamp = {Tue, 16 Jan 2018 13:23:48 +0100},
  biburl    = {https://dblp.org/rec/bib/conf/ndss/PanLPYR0F13},
  bibsource = {dblp computer science bibliography, https://dblp.org}
}

@inproceedings{sociallinks2,
 author = {Barbera, Marco V. and Epasto, Alessandro and Mei, Alessandro and Perta, Vasile C. and Stefa, Julinda},
 title = {Signals from the Crowd: Uncovering Social Relationships Through Smartphone Probes},
 booktitle = {Proceedings of the 2013 Conference on Internet Measurement Conference},
 series = {IMC '13},
 year = {2013},
 isbn = {978-1-4503-1953-9},
 location = {Barcelona, Spain},
 pages = {265--276},
 numpages = {12},
 url = {http://doi.acm.org/10.1145/2504730.2504742},
 doi = {10.1145/2504730.2504742},
 acmid = {2504742},
 publisher = {ACM},
 address = {New York, NY, USA},
 keywords = {Wi-Fi probe requests, smartphones, social networks},
} 

@inproceedings{sociallinks3,
author={A. {Di Luzio} and A. {Mei} and J. {Stefa}},
booktitle={IEEE INFOCOM 2016 - The 35th Annual IEEE International Conference on Computer Communications},
title={Mind your probes: {D}e-anonymization of large crowds through smartphone {WiFi} probe requests},
year={2016},
volume={},
number={},
pages={1-9},
keywords={protocols;smart phones;wireless LAN;smartphone WiFi probe requests;large crowds deanonymization;WiFi radio interface;wireless AP;wireless frames;MAC address;human readable name string;SSID;semantic information;network protocol;Probes;IEEE 802.11 Standard;Wireless communication;Nominations and elections;Urban areas;Mobile communication;Semantics;Privacy;WiFi probe requests;social sciences computing;social networks},
doi={10.1109/INFOCOM.2016.7524459},
ISSN={},
month={April},}

@inproceedings{sociallinks1,
author={M. {Cunche} and {Mohamed Ali Kaafar} and R. {Boreli}},
booktitle={2012 IEEE International Symposium on a World of Wireless, Mobile and Multimedia Networks (WoWMoM)},
title={I know who you will meet this evening! {L}inking wireless devices using {Wi-Fi} probe requests},
year={2012},
volume={},
number={},
pages={1-9},
keywords={broadcasting;probes;radio networks;wireless LAN;Wi-Fi probe requests;wireless devices;wireless stations broadcasting;Wi-Fi fingerprint;SSID;wireless networks;Sydney;Australia;IEEE 802.11 Standards;Probes;Measurement;Wireless communication;Monitoring;Privacy;Mobile communication},
doi={10.1109/WoWMoM.2012.6263700},
ISSN={},
month={June},}

@inproceedings{csi1,
author={L. {Xiao} and L. {Greenstein} and N. {Mandayam} and W. {Trappe}},
booktitle={2007 IEEE International Conference on Communications},
title={Fingerprints in the Ether: Using the Physical Layer for Wireless Authentication},
year={2007},
volume={},
number={},
pages={4646-4651},
keywords={channel estimation;multipath channels;radio links;telecommunication security;wireless sensor networks;physical layer;wireless authentication;radio channel response;physical-layer algorithm;channel probing;channel frequency responses;Fingerprint recognition;Physical layer;Authentication;Communication system security;Frequency response;Bandwidth;Information security;Scattering;Decorrelation;Testing},
doi={10.1109/ICC.2007.767},
ISSN={},
month={June},}

@inproceedings{csi4,
 author = {Iannucci, Peter and Balakrishnan, Hari},
 title = {Challenges to PHY Anonymity for Wi-fi},
 booktitle = {Proceedings of the 10th ACM Conference on Security and Privacy in Wireless and Mobile Networks},
 series = {WiSec '17},
 year = {2017},
 isbn = {978-1-4503-5084-6},
 location = {Boston, Massachusetts},
 pages = {259--264},
 numpages = {6},
 url = {http://doi.acm.org/10.1145/3098243.3098269},
 doi = {10.1145/3098243.3098269},
 acmid = {3098269},
 publisher = {ACM},
 address = {New York, NY, USA},
}

@inproceedings{csi2,
 author = {Sen, Souvik and Radunovic, Bo\v{z}idar and Choudhury, Romit Roy and Minka, Tom},
 title = {You Are Facing the Mona Lisa: Spot Localization Using PHY Layer Information},
 booktitle = {Proceedings of the 10th International Conference on Mobile Systems, Applications, and Services},
 series = {MobiSys '12},
 year = {2012},
 isbn = {978-1-4503-1301-8},
 location = {Low Wood Bay, Lake District, UK},
 pages = {183--196},
 numpages = {14},
 url = {http://doi.acm.org/10.1145/2307636.2307654},
 doi = {10.1145/2307636.2307654},
 acmid = {2307654},
 publisher = {ACM},
 address = {New York, NY, USA},
 keywords = {application, cross-layer, localization, wireless},
} 

@ARTICLE{csi3,
author={Y. {Jin} and W. {Soh} and W. {Wong}},
journal={IEEE Transactions on Wireless Communications},
title={Indoor localization with channel impulse response based fingerprint and nonparametric regression},
year={2010},
volume={9},
number={3},
pages={1120-1127},
keywords={channel estimation;Fourier transforms;indoor radio;regression analysis;transient response;wireless channels;indoor localization;channel impulse response;fingerprint-based localization scheme;receiver channel estimation;approximated CIR vector;nonparametric kernel regression;location estimation;access points;inverse Fourier transform;Fingerprint recognition;Kernel;Global Positioning System;Delay estimation;Bandwidth;Fourier transforms;Channel estimation;Amplitude estimation;Displays;Humans;Indoor localization, fingerprinting, channel impulse response, nonparametric kernel regression. },
doi={10.1109/TWC.2010.03.090197},
ISSN={},
month={March},}

@INPROCEEDINGS{csi5,
author={F. J. {Liu} and {Xianbin Wang} and H. {Tang}},
booktitle={2011 - MILCOM 2011 Military Communications Conference},
title={Robust physical layer authentication using inherent properties of channel impulse response},
year={2011},
volume={},
number={},
pages={538-542},
keywords={OFDM modulation;performance evaluation;probability;radio receivers;radio transmitters;telecommunication security;wireless channels;robust physical layer authentication;channel impulse response;wireless communications;hypothesis testing;time-varying multipath environment;radio transmitter;test statistic;noise-mitigated CIR;wireless environment;signal-to-noise ratio dependent threshold;SNR dependent threshold;radio receiver;false alarm rate;probability of detection;FAR;PD;performance evaluation;orthogonal frequency division multiplexing system;OFDM system;Authentication;OFDM;Wireless communication;Testing;Signal to noise ratio;Transmitters},
doi={10.1109/MILCOM.2011.6127727},
ISSN={},
month={Nov},}

@article{browsing4,
title = "Your WiFi is leaking: What do your mobile apps gossip about you?",
journal = "Future Generation Computer Systems",
volume = "80",
pages = "546 - 557",
year = "2018",
issn = "0167-739X",
doi = "https://doi.org/10.1016/j.future.2016.05.030",
url = "http://www.sciencedirect.com/science/article/pii/S0167739X16301480",
author = "John S. Atkinson and John E. Mitchell and Miguel Rio and George Matich",
keywords = "WiFi, Mobile apps, Privacy, Security, Data protection, Information inference",
}


@misc{stepyoufake,
    author = {Andrew Hilts and Christopher Parsons and Jeffrey Knockel},
    title = {Every Step You Fake: A Comparitive Analysis of Fitness Tracker Privacy and Security},
    howpublished = {Open Effect Report. Available at \url{https://openeffect.ca/reports/Every_Step_You_Fake.pdf}},
    year = 2016
}

@inproceedings{sn1,
 author = {Freudiger, Julien},
 title = {How Talkative is Your Mobile Device?: An Experimental Study of Wi-Fi Probe Requests},
 booktitle = {Proceedings of the 8th ACM Conference on Security \& Privacy in Wireless and Mobile Networks},
 series = {WiSec '15},
 year = {2015},
 isbn = {978-1-4503-3623-9},
 location = {New York, New York},
 pages = {8:1--8:6},
 articleno = {8},
 numpages = {6},
 url = {http://doi.acm.org/10.1145/2766498.2766517},
 doi = {10.1145/2766498.2766517},
 acmid = {2766517},
 publisher = {ACM},
 address = {New York, NY, USA},
} 
@article{sn2,
  title={Handoff All Your Privacy--A Review of Apple’s Bluetooth Low Energy Continuity Protocol},
  author={Martin, Jeremy and Alpuche, Douglas and Bodeman, Kristina and Brown, Lamont and Fenske, Ellis and Foppe, Lucas and Mayberry, Travis and Rye, Erik and Sipes, Brandon and Teplov, Sam},
  journal={Proceedings on Privacy Enhancing Technologies},
  volume={2019},
  number={4},
  pages={34--53},
  year={2019},
  publisher={Sciendo}
}

@inproceedings{location1,
 author = {Musa, A. B. M. and Eriksson, Jakob},
 title = {Tracking {U}nmodified {S}martphones {U}sing {Wi-Fi} {M}onitors},
 booktitle = {Proceedings of the 10th ACM Conference on Embedded Network Sensor Systems},
 series = {SenSys '12},
 year = {2012},
 isbn = {978-1-4503-1169-4},
 location = {Toronto, Ontario, Canada},
 pages = {281--294},
 numpages = {14},
 url = {http://doi.acm.org/10.1145/2426656.2426685},
 doi = {10.1145/2426656.2426685},
 acmid = {2426685},
 publisher = {ACM},
 address = {New York, NY, USA},
} 

@article{userphysical1,
author={D. {van der Linden} and A. {Zamansky} and I. {Hadar} and B. {Craggs} and A. {Rashid}},
journal={IEEE Security Privacy},
title={Buddy's Wearable Is Not Your Buddy: Privacy Implications of Pet Wearables},
year={2019},
volume={17},
number={3},
pages={28-39},
keywords={data privacy;wearable computers;buddy;privacy implications;increasingly prevalent class;consumer device;pet wearables;privacy policies;Privacy;Animals;Data collection;Computer security;Mobile handsets;General Data Protection Regulation;Wearable computing},
doi={10.1109/MSEC.2018.2888783},
ISSN={},
month={May},}

@inproceedings{user8, 
author={T. {Issoufaly} and P. U. {Tournoux}}, 
booktitle={2017 1st International Conference on Next Generation Computing Applications (NextComp)}, 
title={{BLEB}: {B}luetooth {L}ow {E}nergy {B}otnet for large scale individual tracking}, 
year={2017}, 
volume={}, 
number={}, 
pages={115-120}, 
keywords={Bluetooth;network interfaces;telecommunication power management;Bluetooth low energy Botnet;large scale individual tracking;wireless fingerprint;network interfaces;energy efficiency;random MAC address;Bluetooth communication procedure;privacy preserving MAC address;ubiquitous devices;tracking adversary;stealthy tracking;BLEB attack;Bluetooth;Advertising;Privacy;Wireless fidelity;Sensors;Security;Standards}, 
doi={10.1109/NEXTCOMP.2017.8016185}, 
ISSN={}, 
month={July},}

@inproceedings{user9,
 author = {Korolova, Aleksandra and Sharma, Vinod},
 title = {Cross-{A}pp {T}racking via {N}earby {B}luetooth {L}ow {E}nergy Devices},
 booktitle = {Proceedings of the Eighth ACM Conference on Data and Application Security and Privacy},
 series = {CODASPY '18},
 year = {2018},
 isbn = {978-1-4503-5632-9},
 location = {Tempe, AZ, USA},
 pages = {43--52},
 numpages = {10},
 url = {http://doi.acm.org/10.1145/3176258.3176313},
 doi = {10.1145/3176258.3176313},
 acmid = {3176313},
 publisher = {ACM},
 address = {New York, NY, USA},
 keywords = {bluetooth, privacy, tracking},
} 


@inproceedings{wifi-macs,
    title = {Decomposition of { MAC } address structure for granular device
 inference},
    author = {Jeremy Martin and Erik Rye and Robert Beverly},
    year = 2016,
    booktitle = ACSAC,
}



@article{ziegeldorf2014privacy,
    title = {Privacy in the Internet of Things: threats and challenges},
    author = {Ziegeldorf, Jan Henrik and Morchon, Oscar Garcia and Wehrle,
 Klaus},
    journal = {Security and Communication Networks},
    volume = 7,
    number = 12,
    pages = {2728--2742},
    year = 2014,
    publisher = {Wiley Online Library}
}





@inproceedings{bluetoothnames,
    author = {Lavelle, Barry and Byrne, Daragh and Jones, Gareth J. F. and
 Smeaton, Alan F.},
    title = {Bluetooth Friendly Names: Bringing Classic HCI Questions into
 the Mobile Space},
    booktitle = {Proceedings of the 21st British HCI Group Annual Conference on
 People and Computers: HCI...But Not As We Know It - Volume 2},
    series = {BCS-HCI '07},
    year = 2007,
    isbn = {978-1-902505-95-4},
    location = {University of Lancaster, United Kingdom},
    pages = {63--66},
    numpages = 4,
    url = {http://dl.acm.org/citation.cfm?id=1531407.1531424},
    acmid = 1531424,
    publisher = {BCS Learning \& Development Ltd.},
    address = {Swindon, UK},
    keywords = {Bluetooth, friendly name, mobile computing, mobile phones},
}


@article{liu2014face,
    title = {Face-to-face proximity estimation using bluetooth on
 smartphones},
    author = {Liu, Shu and Jiang, Yingxin and Striegel, Aaron},
    journal = TMC,
    volume = 13,
    number = 4,
    pages = {811--823},
    year = 2014,
}

@inproceedings{wang2013bluetooth,
    title = {Bluetooth positioning using {RSSI} and triangulation methods},
    author = {Wang, Yapeng and Yang, Xu and Zhao, Yutian and Liu, Yue and
 Cuthbert, Laurie},
    booktitle = {Consumer Communications and Networking Conference (CCNC), 2013
 IEEE},
    pages = {837--842},
    year = 2013,
    organization = {IEEE}
}

@misc{bleadvertisementphoto,
    author = {Microchip},
    title = {Bluetooth {L}ow {E}nergy {P}acket {T}ypes},
    howpublished = {\url{https://microchipdeveloper.com/wireless:ble-link-layer-packet-types}},
    month = oct,
    year = 2019
}

@book{gast2005802,
  title={802.11 wireless networks: the definitive guide},
  author={Gast, Matthew},
  year={2005},
  publisher={" O'Reilly Media, Inc."}
}


@misc{sigcomm2004,
    author = {Maya Rodrig and Charles Reis and Ratul Mahajan and David Wetherall and John Zahorjan and Ed Lazowska},
    title = {{CRAWDAD} dataset uw/sigcomm2004 (v. 2006-10-17)},
    howpublished = {Downloaded from \url{https://crawdad.org/uw/sigcomm2004/20061017}},
    month = oct,
    year = 2006
}

@misc{sapienza2013,
    author = {Marco V. Barbera and Alessandro Epasto and Alessandro Mei and Sokol Kosta and Vasile C. Perta and Julinda Stefa},
    title = {{CRAWDAD} dataset sapienza/probe-requests (v. 2013-09-10)},
    howpublished = {Downloaded from \url{https://crawdad.org/sapienza/probe-requests/20130910}},
    doi = {10.15783/C76C7Z},
    month = sep,
    year = 2013
}

@misc{ubertoothone,
    author = {Great Scott's Gadgets},
    title = {Ubertooth One},
    howpublished = {\url{https://greatscottgadgets.com/ubertoothone/}},
    month = oct,
    year = 2011,
}



@misc{bluetooth-popularity,
    title = {That’s A Wrap, Bluetooth World 2017},
    author = {Daniel Kleiner},
    year = 2017,
    month = apr,
    day = 5 }

@misc{wigle,
    title = {{WiGLE}},
    author = {{M}imezine},
    howpublished = {\url{https://wigle.net}},
    year = 2003 }

@misc{blekey,
    title = {Breaking Access Controls with {BLEK}ey},
    author = {Bassegio,Mark and Evenchick,Erik},
    year = 2015,
    month = aug,
    day = 30,
    howpublished = {\url { https://www.blackhat.com/docs/us-15/materials/us-15-Evenchick-Breaking-Access-Controls-With-BLEKey-wp.pdf}} }

@misc{googleble,
    title = {Google can still use {B}luetooth to track your {A}ndroid phone when {B}luetooth is turned off},
    author = {Yanofsky,David},
    year = 2018,
    month = jan,
    day = 24,
    howpublished = {\url {https://qz.com/1169760/phone-data/}} }

@misc{googlewifi,
    title = {An {I}ntentional {M}istake:{T}he anatomy of {G}oogle's {Wi-Fi} sniffing debacle},
    author = {Kravets,David},
    year = 2012,
    month = may,
    day = 2,
    howpublished = {\url {https://www.wired.com/2012/05/google-wifi-fcc-investigation/}} }

@misc{nytimesstoretracking,
    title = {In {S}tores, {S}ecret {S}urveillance {T}racks your every {M}ove},
    author = {Kwet,Michael},
    year = 2019,
    month = jun,
    day = 14,
    howpublished = {\url {https://www.nytimes.com/interactive/2019/06/14/opinion/bluetooth-wireless-tracking-privacy.html}}}

@misc{londontraintracking,
    title = {{T}f{L} is going to track all {L}ondon {U}nderground users using {Wi-Fi}},
    author = {O'Malley,James},
    year = 2019,
    month = may,
    day = 22,
    howpublished = {\url {https://www.wired.co.uk/article/london-underground-wifi-tracking}}}


@inproceedings{transient1,
  title={Bayesian detection of radio transmitter turn-on transients.},
  author={Ureten,Oktay and Serinken,Nur},
  booktitle={NSIp},
  year=1999,

}
@article{transient2,
  title={Detection of transient in radio frequency fingerprinting using signal phase},
  author={Hall, Jeyanthi and Barbeau, Michel and Kranakis, Evangelos},
  publisher={Citeseer},
  booktitle={Wireless and Optical Communications},
  year=2003,
  pages={13--18},
}

@inproceedings{trasient3,
    author = {Jeyanthi Hall},
    title = {Enhancing intrusion detection in wireless networks using radio frequency fingerprinting},
    booktitle = {In Proceedings of the 3rd IASTED International Conference on Communications, Internet and Information Technology (CIIT},
    year = {2004},
    pages = {201--206},
    publisher = {Kranakis}
}

@INPROCEEDINGS{transient4,
author={W. C. {Suski II} and M. A. {Temple} and M. J. {Mendenhall} and R. F. {Mills}},
booktitle={IEEE GLOBECOM 2008 - 2008 IEEE Global Telecommunications Conference},
title={Using Spectral Fingerprints to Improve Wireless Network Security},
year={2008},
volume={},
number={},
pages={1-5},
keywords={internetworking;OFDM modulation;telecommunication security;wireless LAN;power spectral density fingerprints;wireless network security;wireless user exposure;MAC layer;PHY layer;transient detection;open system interconnection;spectral correlation;IEEE 802.11a;wireless LAN;orthogonal frequency division multiplexing;Fingerprint recognition;Wireless networks;Radio frequency;Data security;Signal processing;Communication system security;Protection;Physical layer;RF signals;Radiofrequency identification},
doi={10.1109/GLOCOM.2008.ECP.421},
ISSN={},
month={Nov},}

@inproceedings{modulation6,
author={A. {Candore} and O. {Kocabas} and F. {Koushanfar}},
booktitle={2009 IEEE International Workshop on Hardware-Oriented Security and Trust},
title={Robust stable radiometric fingerprinting for wireless devices},
year={2009},
volume={},
number={},
pages={43-49},
keywords={fingerprint identification;maximum likelihood detection;packet radio networks;pattern classification;probability;radiofrequency identification;radiometry;security;radiometric fingerprinting;wireless devices;antenna;oscillator properties;digital interfaces;analog interfaces;radio packet monitoring;frequency offset;modulated phase offset;in-phase offset;quadrature-phase offset;classification technique;weighted voting;maximum likelihood;detection probability;false alarms probability;wireless security;Robustness;Radiometry;Fingerprint recognition;Radiofrequency identification;Voting;Testing;Oscillators;Monitoring;Frequency;Phase modulation;Wireless Security;RF Fingerprinting},
doi={10.1109/HST.2009.5224969},
ISSN={},
month={July},}