@misc{snopesskimmers,
  title = {Can a {M}obile {P}hone’s {B}luetooth {S}ensor {B}e {U}sed to {D}etect {C}ard {S}kimmers?},
  author = {Dan MacGuill},
  howpublished = {\url{https://www.snopes.com/fact-check/bluetooth-gas-pump-skimmers/}},
  year = 2019,
}

@misc{skimplus,
    key = {SkimPlus},
    title = {Skim {P}lus ({B}luetooth {S}kimmer {D}etection)},
    howpublished =
    {\url {https://play.google.com/store/apps/details?id=com.rs.skimplus.beta}},
    year = 2018,
}

@misc{emv2020,
    title = {E{T}{A} {S}tatement on {V}isa and {M}astercard’s {E}{M}{V} {L}iability {S}hift
 {D}ate {C}hanges},
    author = {{Electronic Transactions Association}},
    howpublished =
    {\url { https://www.electran.org/eta-statement-on-visa-and-mastercards-emv-liability-shift-date-changes/ }},
    year = 2016,
}

@article{vancouver-jackpotting,
    title = {Jackpotting and the Canadian Banking Environment},
    author = {Vancouver, CASIS},
    journal = {The Journal of Intelligence, Conflict, and Warfare},
    volume = 1,
    number = 2,
    pages = {9--9},
    year = 2018
}

@misc{camera-in-pump,
    author = {{ ABC News }},
    title = {Credit Card Skimmers},
    year = 2013,
    howpublished = {\url { https://youtu.be/G_aH50Tn8Fo }},
}

@misc{atmia-emv-migration,
    author = {{ ATMIA }},
    title = {2018 EMV Migration Survey},
    year = 2018,
    howpublished =
    {\url { https://www.atmia.com/education/purchase-reports/2018-emv-migration-survey/ }},
}

@misc{ag-mn-skimmers,
    author = {{ Office of Minnesota Attorney General Keith Ellison }},
    title = {{ ATM and Gas Pump Skimmers }},
    howpublished = {\url{https://www.ag.state.mn.us/Brochures/pubATMSkimmers.pdf}}
}

@misc{da-manhattan-skimmers,
    author = {{ Manhattan District Attorney Cyrus R. Vance, Jr. }},
    title = {Leader of ID Theft Ring Sentenced to Prison for \$2 Million
 Money Laundering Scheme},
    howpublished = {Press Release},
    year = 2016,
}

@misc{ag-nevada-skimmers,
    author = {{ Office of the Attorney General of Nevada }},
    title = {Meeting Minutes: { T } echnological Crimes Advisory Board},
    year = 2018,
    month = feb,
}

@misc{npn-station-count,
    author = {{ National Petroleum News }},
    title = {NPN MarketFacts Report},
    year = 2012,
}

@misc{ny-fuel-paymentdoor-access,
    author = {{ NY Department of Agriculture and Markets }},
    title = {Skimming Devices in Retail Motor Fuel Dispensers},
    howpublished =
    {\url { http://www.buckscounty.org/docs/default-source/community-services-documents/skimmingdevicesretailfueldispensers.pdf }},
}

@article{cardforensics,
    author = {Hal Berghel},
    title = {Credit Card Forensics},
    journal = CACM,
    volume = 50,
    number = 12,
    month = dec,
    year = 2007,
}

@inproceedings{skimreaper2018,
    author = {Nolen Scaife and Christian Peeters and Patrick Traynor},
    title = {Fear the {R}eaper: {C}haracterization and {F}ast {D}etection of {C}ard
 {S}kimmers},
    booktitle = USENIX-SECURITY,
    year = 2018,
}

@misc{instakey,
    author = {{ InstaKey }},
    title = {Fuel Dispenser Security: { W } hy key control is important at the
 pump},
    howpublished =
    {\url { http://info.instakey.com/accessintelligence/fuel-dispenser-security-why-key-control-is-important-at-pump }},
    year = 2018,
}

@misc{nilsonreport2017,
    author = {{ The Nilson Report }},
    howpublished = {\url { https://www.nilsonreport.com }},
    month = oct,
    year = 2017,
}

@misc{nilsonreport2016,
    author = {{ The Nilson Report }},
    title = {Card Fraud Worldwide},
    howpublished = {\url 4 { https://nilsonreport.com/upload/content_promo/The_Nilson_Report_10-17-2016.pdf }},
    month = oct,
    day = 17,
    year = 2016
}

@misc{javelinstudy,
    title = {2017 Identity Fraud: Securing the Connected Life},
    author = {Pascual, Al and Marchini, Kyle and Miller, Sarah and Javelin Strategy \& Research},
    year = {2017}
}

@misc{15uscode,
    title = {{ United States Code, Title 15: Commerce and Trade }},
    author = {Government Publishing Office},
    howpublished = {\url { https://www.govinfo.gov/app/details/USCODE-2011-title15/USCODE-2011-title15-chap41-subchapV-sec1692a }}
}

@misc{arizonareport,
    author = {{ Arizona Department of Agriculture, Weights and Measures Service Division }},
    title = {Data {S}kimmers in {M}otor {F}uel {D}ispensers},
    howpublished = {\url { https://agriculture.az.gov/sites/default/files/Skimmer\%20Presentation\%20\%28Website\%20Edition\%29.pdf }},
    month = sep,
    day = 26,
    year = 2017
}

@misc{krebsSkimReaper,
    author = {{Krebs on Security}},
    title = {Detecting {C}loned {C}ards at the {A}{T}{M}, {R}egister},
    year = 2018,
    day = 14,
    month = May,
    howpublished = {\url { https://krebsonsecurity.com/2018/05/detecting-cloned-cards-at-the-atm-register/ }}
}

@misc{ATMIA,
    title = {Global {F}raud and {S}ecurity {S}urvey - 2017},
    author = {{ATM Industry Association}},
    year = 2018,
    day = 11,
    month = jan,
    howpublished = {\url { https://www.ncr.com/company/blogs/financial/how-much-does-atm-crime-cost }} }

@misc{AZfiveHundred,
    title = {Weights and Measures Inspection Assignment},
    author = {Arizona Weights and Measures},
    year = 2016,
    day = 15,
    month = aug,
    howpublished = {\url { https://ctutools.azda.gov/PdfOriginals/9266-274443.pdf }} }

@misc{rippleshot,
    author = {{ Rippleshot }},
    title = {State of {C}ard {F}raud: 2018},
    howpublished = {\url { https://www.aba.com/Products/Endorsed/Documents/Rippleshot-State-of-Card-Fraud.pdf }},
    year = 2018
}

@misc{florida-2018,
    author = {Kyle Arnold},
    title = {Florida gas pump thefts rise as credit-card skimmers get more savvy},
    howpublished = {\url {https://www.orlandosentinel.com/business/consumer/os-bz-credit-card-skimmers-20181108-story.html }},
    year = 2018,
    month = nov,
    day = 12
}

@misc{arizona-2018,
    author = {{Arizona Department of Agriculture}},
    title = {Credit {C}ard {S}kimmers},
    howpublished = {\url {https://agriculture.az.gov/weights-measures/fueling/credit-card-skimmers}},
    year = 2019,
    month = feb,
    day = 5
}

@misc{texas_criminal_security_seal,
    author = {{ Houston Chronicle }},
    title = {Criminals using replacement security seals},
    howpublished =
    {\url { https://www.chron.com/neighborhood/moco/news/article/credit-card-theft-skimmer-arrests-gas-station-12359163.php#photo-14550468 }},
    month = nov,
    year = 2017,
}

@inproceedings{fawaz2016protecting,
    title = {Protecting {P}rivacy of {BLE} {D}evice {U}sers.},
    author = {Fawaz, Kassem and Kim, Kyu-Han and Shin, Kang G},
    booktitle = {USENIX Security Symposium},
    pages = {1205--1221},
    year = 2016
}

@inproceedings{van201050,
    title = {50 ways to break {RFID} privacy},
    author = {van Deursen, Ton},
    booktitle = {IFIP PrimeLife International Summer School on Privacy and
 Identity Management for Life},
    pages = {192--205},
    year = 2010,
    organization = {Springer}
}

@inproceedings{vastel18fp,
    title = {Fp-{S}canner: The {P}rivacy {I}mplications of {B}rowser {F}ingerprint
 {I}nconsistencies},
    author = {Vastel, Antoine and Laperdrix, Pierre and Rudametkin, Walter
 and Rouvoy, Romain},
    booktitle = USENIX-SECURITY,
    organization = {USENIX Association},
    year = 2018,
}

@inproceedings{bluetoothnames,
    author = {Lavelle, Barry and Byrne, Daragh and Jones, Gareth J. F. and
 Smeaton, Alan F.},
    title = {Bluetooth Friendly Names: Bringing Classic HCI Questions into
 the Mobile Space},
    booktitle = {Proceedings of the 21st British HCI Group Annual Conference on
 People and Computers: HCI...But Not As We Know It - Volume 2},
    series = {BCS-HCI '07},
    year = 2007,
    isbn = {978-1-902505-95-4},
    location = {University of Lancaster, United Kingdom},
    pages = {63--66},
    numpages = 4,
    url = {http://dl.acm.org/citation.cfm?id=1531407.1531424},
    acmid = 1531424,
    publisher = {BCS Learning \& Development Ltd.},
    address = {Swindon, UK},
    keywords = {Bluetooth, friendly name, mobile computing, mobile phones},
}

@misc{cnbc-skimmers,
    author = {Jennifer Schlesinger and Andrea Day},
    title = {{ Card Sharks: ATM skimming grows more sophisticated }},
    year = 2017,
    month = sep,
    day = 16,
    howpublished =
    {\url { https://www.cnbc.com/2017/09/15/card-sharks-atm-skimming-grows-more-sophisticated.html }}
}

@misc{sparkfunapp,
    author = {{ Nate Seidle }},
    title = {{ Gas Pump Skimmers }},
    year = 2017,
    month = sep,
    day = 6,
    howpublished = {\url { https://learn.sparkfun.com/tutorials/gas-pump-skimmers }}
}

@misc{customshimmer,
    author = {{ Nick Poole }},
    title = {{ Credit Card Skimmers Evolved: Shimming }},
    year = 2018,
    month = apr,
    day = 30,
    howpublished = {\url { https://www.sparkfun.com/sparkx/blog/2673 }}
}

@inproceedings{murphy2002using,
    title = {Using bluetooth for short-term ad-hoc connections between
 moving vehicles: A feasibility study},
    author = {Murphy, Patrick and Welsh, Erik and Frantz, Patrick},
    booktitle = {IEEE Vehicular Technology Conference (VTC)},
    volume = 1,
    year = 2002
}

@article{peterson2006bluetooth,
    title = {Bluetooth inquiry time characterization and selection},
    author = {Peterson, Brian S and Baldwin, Rusty O and Kharoufeh, Jeffrey
 P},
    journal = TMC,
    volume = 5,
    year = 2006,
    publisher = {IEEE}
}

@misc{card-acceptance-guidelines-for-merchants,
    title = {{ Card Acceptance Guidelines for Visa Merchants }},
    author = {{ Visa }},
    year = {2015}, month = oct,
    howpublished = {\url { https://usa.visa.com/dam/VCOM/download/merchants/card-acceptance-guidelines-for-merchants.pdf }}
}

@article{haartsen1998bluetooth,
    title = {Bluetooth---{T}he universal radio interface for ad hoc, wireless
 connectivity},
    author = {Haartsen, Jaap},
    journal = {Ericsson Review},
    volume = 3,
    number = 1,
    pages = {110--117},
    year = 1998
}

@article{liberatore2014efficient,
    title = {Efficient tagging of remote peers during child pornography
 investigations},
    author = {Liberatore, Marc and Levine, Brian Neil and Shields, Clay and
 Lynn, Brian},
    journal = {IEEE Transactions on Dependable and Secure Computing},
    volume = 11,
    number = 5,
    pages = {425--439},
    year = 2014,
    publisher = {IEEE}
}

@misc{magspoof,
    author = {Samy Kamkar},
    title = {MagSpoof "wireless" credit card/magstripe spoofer},
    url = {https://samy.pl/magspoof/}
}

@misc{shellapp,
    author = {{ Shell United States }},
    title = {The Shell App},
    howpublished = {\url { https://www.shell.us/motorist/shell-app.html }},
    year = 2018,
}

@misc{skimmingprevention,
    title = {Skimming {P}revention: {O}verview of {B}est {P}ractices for {M}erchants},
    author = {{PCI Security Standards Council}},
    howpublished = {\url{https://www.pcisecuritystandards.org/documents/Skimming_Prevention_At-a-Glance_Sept2014.pdf}},
    month = Sep,
    year = 2014,    
}

@misc{krebs-siphoning,
    author = {{Krebs on Security}},
    title = {Skimmers {S}iphoning {C}ard {D}ata at the {P}ump},
    howpublished =
    {\url { https://krebsonsecurity.com/2010/07/skimmers-siphoning-card-data-at-the-pump/ }},
    month = Jul,
    year = 2010,
}

@misc{krebs-pos,
    author = {{Krebs on Security}},
    title = {Pro-{G}rade {P}oint-of-{S}ale {S}kimmer},
    howpublished =
    {\url { https://krebsonsecurity.com/2013/02/pro-grade-point-of-sale-skimmer/ }},
    month = Feb,
    year = 2013,
}

@misc{krebs-gang,
    author = {{Krebs on Security}},
    title = {Gang {R}igged {P}umps {W}ith {B}luetooth {S}kimmers},
    howpublished =
    {\url { https://krebsonsecurity.com/2014/01/gang-rigged-pumps-with-bluetooth-skimmers/ }},
    month = Jan,
    year = 2014,
}

@misc{krebs-mexico,
    author = {{Krebs on Security}},
    title = {Tracking a {B}luetooth {S}kimmer {G}ang in {M}exico},
    howpublished =
    {\url { https://krebsonsecurity.com/2015/09/tracking-a-bluetooth-skimmer-gang-in-mexico/ }},
    month = Sep,
    year = 2015,
}

@misc{krebshimmer,
    author = {{Krebs on Security}},
    title = {A{T}{M} ‘{S}himmers’ {T}arget {C}hip-{B}ased {C}ards},
    howpublished =
    {\url{https://krebsonsecurity.com/2017/01/atm-shimmers-target-chip-based-cards/}},
    month = Jan,
    year = 2017,
}


@misc{pcidss,
    author = {{PCI Security Standards Council}},
    title = {{PCI DSS Quick Reference Guide}},
    year = 2018,
    howpublished = {\url{https://www.pcisecuritystandards.org/documents/PCI_DSS-QRG-v3_2_1.pdf}} 
}

@techreport{bar2005known,
    title = {White {P}aper: {K}nown {A}ttacks {A}gainst {S}martcards},
    author = {Bar-El, Hagai},
    year = 2005,
    institution = {Discretix Technologies Ltd.},
    url = {\url{http://www.infosecwriters.com/text_resources/pdf/Known_Attacks_Against_Smartcards.pdf}},
}

@inproceedings{bond2014chip,
    title = {Chip and {S}kim: {C}loning {E}{M}{V} {C}ards with the {P}re-play {A}ttack},
    author = {Bond, Mike and Choudary, Omar and Murdoch, Steven J and
 Skorobogatov, Sergei and Anderson, Ross},
    booktitle = OAKLAND,
    year = 2014,
    organization = {IEEE},
}

@inproceedings{bai2017picking,
    title = {Picking Up My Tab: Understanding and Mitigating Synchronized
 Token Lifting and Spending in Mobile Payment},
    author = {Bai, Xiaolong and Zhou, Zhe and Wang, XiaoFeng and Li, Zhou
 and Mi, Xianghang and Zhang, Nan and Li, Tongxin and Hu,
 Shi-Min and Zhang, Kehuan},
    booktitle = USENIX-SECURITY,
    year = 2017
}

@inproceedings{roland2013cloning,
    title = {Cloning Credit Cards: A Combined Pre-play and Downgrade Attack
 on EMV Contactless.},
    author = {Roland, Michael and Langer, Josef},
    booktitle = WOOT,
    year = 2013
}

@misc{minnesotaWM,
    author = {{Minnesota Department of Commerce}},
    title = {Recognizing {S}kimmers},
    howpublished = {\url{https://www-cwma-net-files.s3.amazonaws.com/3021-75644557-WAMED%20CWMA%20Skimmer%20Training%202016%20pt%201.pdf?versionId=Eqs3AzhwRc82jNboV6.2GEgisE_qXhnU}},
    year = 2016,
}

@misc{bluetoothscantime,
    author = {Google},
    title = {{ BluetoothAdapter : Android API Docs }},
    year = 2018,
    month = sep,
    day = 16,
    howpublished =
    {\url { https://developer.android.com/reference/android/bluetooth/BluetoothAdapter }}
}

@misc{OUIguidelines,
    author = {IEEE},
    title = {{ Guidelines for Use of Extended Unique Identifier (EUI),
 Organizationally Unique Identifier (OUI) and Company ID
 (CID) }},
    year = 2017,
    month = aug,
    day = 03,
    howpublished =
    {\url { https://standards.ieee.org/content/dam/ieee-standards/standards/web/documents/tutorials/eui.pdf }}
}

@article{herfurt2004remote,
    title = {Remote device identification based on Bluetooth fingerprinting
 techniques},
    author = {Herfurt, Martin and Mulliner, Collin},
    journal = {Trifinite Group, White Paper},
    year = 2004
}

@article{skimmerinstall1,
    author = {Buster Thompson},
    title = {{ Want to stay safe at the pump? Pay in cash }},
    year = 2015,
    month = aug,
    day = 16,
    journal = {Citrus County Chronicle},
    url =
    {https://www.chronicleonline.com/news/local/want-to-stay-safe-at-the-pump-pay-in-cash/article_d1e55bff-71ce-590a-b28d-57e083773fb5.html}
}

@article{skimmerinstall2,
    author = {DailyMail reporter},
    title = {Startling CCTV footage shows a credit card thief installing a
 skimmer on a payment terminal in SECONDS while an accomplice
 distracts the store clerk},
    year = 2016,
    month = mar,
    day = 16,
    journal = {Daily Mail},
    url =
    {https://www.dailymail.co.uk/news/article-3495398/Startling-CCTV-footage-shows-credit-card-thief-installing-skimmer-payment-terminal-SECONDS-accomplice-distracts-store-clerk.html}
}

@misc{NACS,
    author = {National Association of Convenience Stores},
    title = {{ Convenience Stores Sales, Profits Edged Higher in 2017 }},
    year = 2018,
    month = Apr,
    day = 11,
    howpublished =
    {\url { https://www.convenience.org/Media/Press-Releases/2018/PR041118 }}
}

%https://meccadumps.net legitshop.org dumps.to sellcvvdumps.shop
@misc{meccadumps,
    author = {Meccadumps},
    title = {{Buy {D}umps {C}{V}{V} online {F}ullz {V}erified seller }},
    year = 2019,
    month = Feb,
    day = 01,
    howpublished ={\url {https://meccadumps.net/}}
}

@misc{legitshop,
    author = {{L}egitshop},
    title = {{Trusted {D}umps with {P}{I}{N}}},
    year = 2019,
    month = Feb,
    day = 01,
    howpublished ={\url {https://legitshop.org/}}
}
@misc{sellcvv,
    key = {Sell CVV},
    title = {{Sell CVV (CC)}},
    howpublished = {\url {https://sellcvvdumps.shop/}}
}

@misc{dumpsto,
    key = {Dumps.to},
    title = {{CC Dumps Shop}},
    year = 2019,
    month = feb,
    day = 01,
    howpublished = {\url {https://dumps.to/}}
}

@misc{TSYS,
    author = {Total System Services},
    title = {{ 2017 TSYS U.S. Consumer Payment Study }},
    year = 2018,
    month = mar,
    day = 01,
    howpublished =
    {\url { https://www.tsys.com/Assets/TSYS/downloads/rs_2017-us-consumer-payment-study.pdf }}
}

@misc{visa-liability-shift,
    title = {{ EMV Liability Shift, Visa USA }},
    author = {{ Visa }},
    howpublished = {\url { https://www.visa.com/chip/merchants/grow-your-business/payment-technologies/credit-card-chip/liability-shift.jsp }}
}

@misc{ussc-guidelines,
    title = {{ Guidelines Manual }},
    author = {{ United States Sentencing Commission }},
    year = {2018},
    howpublished = {\url { https://guidelines.ussc.gov/gl/\%C2\%A72B1.1 }}
}

@misc{tamperproofseal,
    title = {Those Gas Pump "Anti-Skimming" Stickers},
    author = {Electronic Transactions Association},
    howpublished =
    {\url { https://consumerist.com/2015/11/16/those-gas-pump-anti-skimming-stickers-are-really-just-pointless-decoration/ }},
    year = 2016,
}
@book{harrell2017,
    title = {Victims of identity theft, 2014 (Revised 2017)},
    author = {Harrell, Erika and Langton, Lynn},
    year = 2015,
    month = sep,
    publisher = {US Department of Justice, Office of Justice Programs, Bureau of Justice}
}

@misc{nacsHoldReport,
    title = {Credit and Debit Card Usage at the Pump },
    author = {National Association of Convenience Stores},
    year = 2018,
    month = Feb,
    day = 13,
    howpublished = {\url { https://www.convenience.org/Topics/Fuels/Cards-at-the-Pump-A-Primer }} }

@misc{krebsbladder,
    title = {Gas {T}heft {G}angs {F}uel {P}ump {S}kimming {S}cams},
    author = {{Krebs on Security}},
    year = 2015,
    month = Nov,
    day = 30,
    howpublished = {\url { https://krebsonsecurity.com/tag/gas-pump-skimmers/ }} }

@article{basker2017customer,
    title = {Customer-employee substitution: Evidence from gasoline stations},
    author = {Basker, Emek and Foster, Lucia and Klimek, Shawn},
    journal = {Journal of Economics \& Management Strategy},
    volume = {26},
    number = {4},
    pages = {876--896},
    year = {2017},
    publisher = {Wiley Online Library}
}

@misc{EPAFuelEfficiency,
    title = {Average Annual Miles per Driver by Age Group},
    author = {US Department of Transportation},
    year = 2018,
    month = mar,
    day = 28,
    howpublished = {\url { https://www.fhwa.dot.gov/ohim/onh00/bar8.htm }}
}

@misc{averageDriveDeptOfTrans,
    title = {Highlights of CO2 and Fuel Economy Trends},
    author = {US Environmental Protection Agency},
    year = 2017,
    howpublished = {\url { https://www.epa.gov/fuel-economy-trends/highlights-co2-and-fuel-economy-trends }}
}

@misc{EIAgasPrices,
    title = {Weekly Retail Gasoline and Diesel Prices},
    author = {U.S. Energy Information Administration},
    year = 2019,
    month = jan,
    howpublished = {\url { https://www.eia.gov/dnav/pet/PET\_PRI\_GND\_DCUS\_NUS\_M.htm }}
}

@misc{cardingBuyStuff,
    title = {VERIFIED SALES},
    author = {Carding Team},
    howpublished = {\url { https://cardingteam.ws/Forum-VERIFIED-SALES-Trusted-Sellers }}
}

@misc{ps4Sale,
    title = {Brand New Xbox One and PS4},
    author = {c0dero},
    year = 2019,
    month = jan,
    day = 19,
    howpublished = {\url { https://cardingteam.ws/Thread-Verified-Brand-New-Xbox-One-PS4 }} }

@misc{iphoneXSale,
    title = {Verified Carding iPhone X, XS and Max and Samsung, MacBook, Laptops, TV},
    author = {Z33 aTn},
    year = 2019,
    month = jan,
    day = 21,
    howpublished = {\url { https://cardingteam.ws/Thread-Verified-Carding-iPhone-X-XS-Max-Samsung-MacBook-Laptops-TV }} }

@misc{mrwhite,
    title = {Luxury Dumps Shop},
    author = {Mr. White},
    howpublished = {\url { https://mrwhite.biz/ }} }

@misc{dumpsPrtShip,
    title = {{DUMPS}},
    author = {{PRTSHIP}},
    howpublished = { \url { https://prtship.com/forums/dumps.6/ }}
}

@misc{cardingGeneralGuide,
    title = {Tutorial {C}arding with {DUMPS}},
    author = {Orlando{M}an},
    howpublished = { \url {http://wickybay.com/2016/09/tutorial-carding-with-dumps/}}
}

@misc{boaCashAdvanceFaq,
    title = { Credit Card Account Information FAQs },
    author = {Bank of America},
    howpublished = {\url { https://www.bankofamerica.com/credit-cards/credit-card-account-information-faq/ }}
}

@misc{cardingNewbieGuide,
    key = {Newbie Carding Guide},
    title = {Everything you need to know about Instore Carding},
    month = Nov,
    year = 2017,
    howpublished = { \url {http://wickybay.com/2017/11/everything-need-know-instore-carding/} }
}

@misc{cardingWunder,
    title = { Visa/Mastercard CashOut Method and Tutorial 2018},
    author = { Moneyboy },
    year = 2018,
    month = nov,
    day = 13,
    howpublished = {\url { https://prtship.com/threads/visa-mastercard-cashout-method-and-tutorial-2018.12465/ } } }

@misc{cardingPokerstars,
    title = { Carding \& Pokerstars },
    author = { Sigga },
    year = 2016,
    month = sep,
    day = 18,
    howpublished = { \url { https://prtship.com/threads/carding-pokerstars.131/ } } }

@misc{makingFirstMoney,
    title = {Carding!!! {H}ow {T}o {M}ake {Y}our {F}irst {M}oney },
    author = { DbaseJob },
    howpublished = { \url { https://prvtzone.ws/threads/carding-how-to-make-your-first-money.5052/#post-20315 } } }

@misc{howToSucceedInStore,
    key = {Darknet Instore Carding},
    title = {The {U}ltimate {I}nstore {C}arding by n3d from {D}arknet},
    howpublished = { \url {http://wickybay.com/2017/10/ultimate-instore-carding-n3d-darknet/} } }

@misc{viceInterviewWithCarder,
    title = {Gangs on the {D}ark {W}eb: {C}redit {C}ard {S}cammers},
    author = {{VICE}},
    year = 2018,
    month = jun,
    day = 6,
    howpublished = { \url {https://www.youtube.com/watch?v=jT-jmq8KBw0} }
}

@misc{boaWithdrawalLimit,
    title = { Business ATM card FAQ },
    author = { Bank of America },
    howpublished = { \url { https://www.bankofamerica.com/help/bus_debit.go } },
}

@misc{poker150Suggest,
    title = {ATM Withdrawal Limits at Chase, Wells Fargo and 39 Other Banks},
    author = {Sigga},
    year = 2016,
    month = sep,
    day = 18,
    howpublished = { \url { https://prtship.com/threads/carding-pokerstars.131/ } },
}

@misc{debitCapsForEachBank,
    title = {ATM Withdrawal Limits at Chase, Wells Fargo and 39 Other Banks},
    author = {Natalie Campisi},
    year = 2019,
    month = jan,
    day = 7,
    howpublished = { \url { https://www.gobankingrates.com/banking/checking-account/atm-withdrawal-limits/ } },
}

@misc{citiBankWithdraw,
    title = {Compare Benefits},
    author = {Citibank},
    howpublished = {\url { https://online.citi.com/US/JRS/pands/detail.do?ID=CitigoldCompare }},
}
@misc{boaWithdraw,
    title = {{ATM} and {ATM} {F}ees {F}{A}{Q}{S}},
    author = {{Bank of America}},
    howpublished = {\url {https://www.bankofamerica.com/deposits/atm-fees-faqs/}},
}

@misc{honeyMoneyTut,
    key = {Dumps Carding},
    title = {Tutorial {C}arding with {D}umps},
    howpublished = {\url {https://honeymoney24cc.com/cardingwithdumps}},
}

@misc{santandWithdraw,
    title = {What is my debit card spending/withdrawal limit?},
    author = {{Santander Bank}},
    howpublished = {\url {https://customerservice.santanderbank.com/app/answers/detail/a_id/3713/kw/atm%20withdraw/r_id/102441}}
}

@misc{15usc1643,
    title = {15 U.S.C. 1643 - Liability of holder of credit card},
    author = {US Governent},
    howpublished = {\url { https://www.govinfo.gov/content/pkg/USCODE-2011-title15/pdf/USCODE-2011-title15-chap41-subchapI-partB-sec1643.pdf }}
}

@misc{15usc1693g,
    title = {Electronic Fund Transfer Act},
    author = {US Governent},
    howpublished = {\url { https://www.federalreserve.gov/boarddocs/caletters/2008/0807/08-07_attachment.pdf }}
}

@misc{sealsForSale,
    title = {Retail Gas Station Security Labels},
    author = {NovaVision},
    howpublished = {\url { https://www.novavisioninc.com/pages/prd_gasoline_pump_dispenser_labels.html }} }

@misc{us40cfr600,
    title = {40 CFR 600.315-08 - Classes of comparable automobiles},
    author = {US Government Publishing Office},
    howpublished = {\url { https://www.govinfo.gov/content/pkg/CFR-2015-title40-vol30/pdf/CFR-2015-title40-vol30-sec600-315-08.pdf }} }

@misc{bluetooth-popularity,
    title = {That’s A Wrap, Bluetooth World 2017},
    author = {Daniel Kleiner},
    year = 2017,
    month = apr,
    day = 5 }

@misc{swgdepractices,
    title = {Best {P}ractices for {E}xamining {M}agnetic {C}ard {R}eaders},
    author = {{Scientific Working Group on Digital Evidence}},
    howpublished = {\url { https://www.swgde.org/documents/Current%20Documents/SWGDE%20Best%20Practices%20for%20Examining%20Magnetic%20Card%20Readers }} }

@inproceedings{cross2007detecting,
    title = {Detecting non-discoverable bluetooth devices},
    author = {Cross, Daniel and Hoeckle, Justin and Lavine, Michael and Rubin, Jason and Snow, Kevin},
    booktitle = {International Conference on Critical Infrastructure Protection},
    pages = {281--293},
    year = {2007},
    organization = {Springer}
}

@inproceedings {scaifeoakland,
author = {N. Scaife and J. Bowers and C. Peeters and G. Hernandez and I. N. Sherman and P. Traynor and L. Anthony},
booktitle = {2019 IEEE Symposium on Security and Privacy (SP)},
title = {Kiss from a Rogue: Evaluating Detectability of Pay-at-the-Pump Card Skimmers},
year = {2019},
volume = {},
issn = {2375-1207},
pages = {1208-1222},
keywords = {payments;payment-cards;credit-cards;skimming;card-skimming;fraud;gas-pumps;security-indicators;consumer-protection;tamper-evident-seals;app-analysis},
doi = {10.1109/SP.2019.00077},
url = {https://doi.ieeecomputersociety.org/10.1109/SP.2019.00077},
publisher = {IEEE Computer Society},
address = {Los Alamitos, CA, USA},
month = {may}
}

@misc{rnbtscale,
    title = {{B}{C} {S}hipping {S}cale {S}ervice {M}anual},
    author = {{Mettler-Toledo}},
    year = 2015,
    month = aug,
    day = 30,
    howpublished = {\url { https://thescalestore.com/manuals/Mettler-Toledo-BC-User-Manual-1.pdf}} }

@misc{rnbtremotetelemetry,
    title = {EZL01 Remote Telemetry Data Collector User Manual},
    author = {Sensus Metering},
    year = 2018,
    month = aug, 
    day = 30,
    howpublished = {\url { https://fccid.io/SDBEZL01/User-Manual/Manual-3582486}} }

@misc{rnbtweathersensor,
    title = {Surface {S}can},
    author = {{MH Corbin Highway Information Systems}},
    year = 2018,
    month = jan, 
    day = 16,
    howpublished = {\url { http://mhcorbin.com/Portals/0/MH%20Corbin%20Surface%20Scan%20User%20Manual%20v1.1%20(002)%20new%20cover.pdf}} }

@misc{rnbteletrac,
    title = {Teletrac {D}rive {U}ser {G}uide},
    author = {Teletrac},
    year = 2014,
    month = jan, 
    day = 16,
    howpublished = {\url { http://community.teletrac.com/teletrac.com/assets/2014-04-23_android%20tablet%20user%20guide.pdf}} }

@misc{armenian,
    title = {Armenian skimmer leader pleads guilty},
    author = {{The Newnan Times-Herald}},
    year = 2017,
    month = Jul, 
    day = 5,
    howpublished ={\url { http://times-herald.com/news/2015/06/armenian-skimmer-leader-pleads-guilty}}
}

@misc{hristov,
    title = {{US District Court for the District of Massachussetts}},
    author = {{Memorandum and Order, USA v. Hristov et al, 1:10cr10056}},
    year = 2011,
    month = Apr,
    day = 14,
    howpublished = {\url{https://www.courtlistener.com/recap/gov.uscourts.mad.127405/gov.uscourts.mad.127405.62.0.pdf}}
}

@misc{cristea,
    title = {{US District Court for the Southern District of Texas}},
    author = {{Criminal Complaint, USA v Cristea et al, 4:16cr182}},
    year = 2016,
    month = Apr,
    day = 4,
    howpublished = {\url{https://www.courtlistener.com/recap/gov.uscourts.txsd.1357299.1.0.pdf}}
}

@misc{mekhakian,
    title = {{US District Court for the Eastern District of Virginia}},
    author = {{Affidavit in Support of Criminal Complaints and Arrest Warrants, USA v. Khasanov et al, 1:18cr149}},
    year = 2018,
    month = Jan,
    day = 25,
    howpublished = {\url{https://www.courtlistener.com/recap/gov.uscourts.vaed.385830/gov.uscourts.vaed.385830.2.0.pdf}}
}

@misc{aqel,
    title = {{US District Court for the Southern District of Ohio}},
    author = {{Sentencing Memorandum of the United States, USA v. Aqel, 2:14cr270}},
    year = 2015,
    month = Nov,
    day = 9,
    howpublished = {\url{https://www.courtlistener.com/recap/gov.uscourts.ohsd.178108/gov.uscourts.ohsd.178108.47.0.pdf}}
}

@misc{rodriguez,
    title = {{US District Court for the Northern District of Ohio}},
    author = {{Indictment, USA v. Rodriguez et al, 1:17cr417}},
    year = 2017,
    month = Oct,
    day = 12,
    howpublished = {\url{https://www.courtlistener.com/recap/gov.uscourts.ohnd.237118.1.0.pdf}}
}

@misc{estrada,
    title = {{US District Court for the Eastern District of Wisconsin}},
    author = {{Application for Search Warrant, 2:18mj1277}},
    year = 2018,
    month = Jul,
    day = 12,
    howpublished = {\url{https://www.courtlistener.com/recap/gov.uscourts.wied.84529/gov.uscourts.wied.84529.1.0.pdf}}
}

@misc{conde,
    title = {{US District Court for the Southern District of Ohio}},
    author = {{Application for Search Warrant, 2:18mj704}},
    year = 2018,
    month = Sep,
    day = 17,
    howpublished = {\url{https://www.courtlistener.com/recap/gov.uscourts.ohsd.216948/gov.uscourts.ohsd.216948.1.0.pdf}}
}

@misc{alisuretove,
    title = {{United States Court of Appeals for the Tenth Circuit}},
    author = {{Appeal from the US District Court for the Eastern District of Oklahoma, USA v. Konstantinov et al, 6:13cr62}},
    year = 2015,
    month = Jun,
    day = 8,
    howpublished = {\url{https://www.ca10.uscourts.gov/opinions/14/14-7050.pdf}}
}

