@string{PROC="Proc. "}
@string{AAMAS="AAMAS"}
@string{ACNS = PROC # "Applied Cryptography and Network Security Conference (ACNS)"}
@string{ADCOG = PROC # "Application and Development of Computer Games (ADCOG)"}
@string{ASIACRYPT= PROC # "Asiacrypt"}
@string{ASPLOS = PROC # "ACM International Conference on Architectural Support for Programming Languages and Operating Systems (ASPLOS)"}
@string{CONEXT="ACM Conference on emerging Networking EXperiments and Technologies (CoNEXT)"}
@string{CRYPTO= PROC # "International Cryptology Conference (CRYPTO)"}
@string{EC = PROC # "ACM Conference on Electronic Conference (EC)"}
@string{EUROCRYPT= PROC # "Eurocrypt"}
@string{FC = PROC # "Financial Cryptography (FC)"}
@string{FAST = PROC # "USENIX Conference on File and Storage Technologies (FAST)"}
@string{FDNA = PROC # "Workshop on Future Directions in Network Architectures (FDNA)"}
@string{GLOBECOM = PROC # "IEEE Global Communications Conference (GLOBECOM)"}
@string{HOTMOBILE = PROC # "International Workshop on Mobile Computing Systems and Applications (HotMobile)"}
@string{HOTNETS = PROC # "Workshop on Hot Topics in Networks (HotNets)"}
@string{ICC = PROC # "IEEE International Conference on Communications (ICC)"}
@string{ICEC = PROC # "International Conference on Electronic Commerce (ICEC)"}
@string{ICNP = PROC # "IEEE International Conference on Network Protocols (ICNP)"}
@string{ICPADS = PROC # "International Conference on Parallel and Distributed Systems (ICPADS)"}
@string{ICPP = PROC # "International Conference on Parallel Processing (ICPP)"}
@string{ICN = PROC # "Workshop on Information-Centric Networking (ICN)"}
@string{ICWN = PROC # "International Conference on Wireless Networks (ICWN)"}
@string{INFOCOM = PROC # "IEEE Conference on Computer Communications (INFOCOM)"}
@string{IPTPS = PROC # "Workshop on Peer-to-Peer Systems (IPTPS)"}
@string{MIDDLEWARE = PROC # "ACM/IFIP/USENIX International Middleware Conference (MIDDLEWARE)"}
@string{MOBICOM = PROC # "ACM Conference on Mobile Computing and Networking (MobiCom)"}
@string{MOBIHOC = PROC # "ACM Symposium on Mobile Ad Hoc Networking and Computing (MobiHoc)"}
@string{MOBISYS = PROC # "ACM Conference on Mobile Systems, Applications, and Services (MobiSys)"}
@string{NETECON = PROC # "Workshop on the Economics of Networked Systems (NetEcon)"}
@string{NETECON-IBC = PROC # "Joint Workshop on the Economics of Networked Systems and Incentive-Based Computing (NetEcon+IBC)"}
@string{NOSSDAV = PROC # "Workshop on Network and Operating Systems Support for Distributed Audio and Video (NOSSDAV)"}
@string{NSDI = PROC # "Symposium on Networked Systems Design and Implementation (NSDI)"}
@string{OAKLAND = PROC # "IEEE Symposium on Security and Privacy"}
@string{OSDI = PROC # "Symposium on Operating Systems Design and Implementation (OSDI)"}
@string{P2PECON = PROC # "Workshop on Economics of Peer-to-Peer Systems (P2PEcon)"}
@string{PINS = PROC # "ACM Workshop on Practice and Theory of Incentives in Networked Systems (PINS)"}
@string{PKI = PROC # "PKI Research Workshop"}
@string{PKC = PROC # "Public Key Cryptography (PKC)"}
@string{PODC = PROC # "ACM Symposium on Principles of Distributed Computing (PODC)"}
@string{PROC-IEEE = PROC # "of the IEEE"}
@string{RFC="IETF RFC-"}
@string{SASO="IEEE International Conference on Self-Adaptive and Self-Organizing Systems (SASO)"}
@string{SIGCOMM = PROC # "ACM SIGCOMM"}
@string{SIGMETRICS = PROC # "ACM International Conference on Measurement and Modeling of Computer Systems (SIGMETRICS)"}
@string{SODA = PROC # "ACM-SIAM Symposium on Discrete Algorithms (SODA)"}
@string{SOSP = PROC # "ACM Symposium on Operating Systems Principles (SOSP)"}
@string{SRUTI = PROC # "USENIX Workshop on Steps to Reducing Unwanted Traffic on the Internet (SRUTI)"}
@string{STC="Workshop on Scalable Trusted Computing (STC)"}
@string{STOC = PROC # "ACM Symposium on Theory of Computing (STOC)"}
@string{TOCS="ACM Transactions on Computer Systems (TOCS)"}
@string{TOPLAS="ACM Transactions on Programming Languages and Systems (TOPLAS)"}
@string{UBICOMP = PROC # "International Conference on Ubiquitous Computing (UbiComp)"}
@string{USENIX = PROC # "USENIX Annual Technical Conference"}
@string{USENIX-SECURITY= PROC # "USENIX Security"}
% {First Working Conference on Wireless On-demand Network Systems (WONS)},
@string{WONS="WONS"}
@string{WOSN = PROC # "ACM Workshop on Online Social Networks (WOSN)"}
% {ACM International Workshop of Wireless Mobile Multimedia},
@string{WOWMOM = PROC # "IEEE International Symposium on a World of Wireless Mobile and Multimedia Networks (WoWMoM)"}
@string{WWW = PROC # "International World Wide Web Conference (WWW)"}
@string{TOCE = "IEEE Transactions on Consumer Electronics"}
@string{TMC = "IEEE Transactions on Mobile Computing (TMC)"}
@string{CCR = "ACM Computer Communication Review (CCR)"}
@string{SIGMOD = PROC # "ACM SIGMOD International Conference on Management of Data (SIGMOD)"}
@string{TON = "IEEE/ACM Transactions on Networking"}
@string{TOB = "IEEE Transactions on Broadcasting"}
@string{HICSS = "Hawaii International Conference on System Sciences (HICSS)"}
@string{CCC = PROC # "Chaos Computer Club (CCC) Congress"}
@string{IMC = PROC # "ACM Internet Measurement Conference (IMC)"}
@string{W2SP = PROC # "Web 2.0 Security \& Privacy (W2SP)"}
@string{IPSN = PROC # "ACM/IEEE International Conference on Information Processing in Sensor Networks (IPSN)"}
@string{SENSYS = PROC # "ACM Conference on Embedded Networked Sensor Systems (SenSys)"}
@string{EUROSYS = PROC # "European Conference on Computer Systems (EuroSys)"}
@string{WMCSA = PROC # "IEEE Workshop on Mobile Computer Systems and Applications"}
@string{APsys = PROC # "ACM Asia-Pacific Workshop on Systems (APSys)s"}
@string{MOVID = PROC # "ACM Workshop on Mobile Video"}
@string{PAM = PROC # "Passive and Active Measurement Conference"}
@string{ATCELL = PROC # "Workshop on All Things Cellular: Operations, Applications and Challenges"}
@string{GMC = PROC # "Global Mobile Congress"}
@string{CACM = "Communications of the ACM (CACM)"}
@string{ACSAC = PROC # "Annual Computer Security Applications Conference (ACSAC)"}
@string{WOOT = PROC # "USENIX Workshop on Offensive Technologies (WOOT)"}
